@article{ball2020search,
   title="{Search for millicharged particles in proton-proton collisions at $\sqrt{s}=13$ TeV}",
   volume={102},
   ISSN={2470-0029},
   url={http://dx.doi.org/10.1103/PhysRevD.102.032002},
   DOI={10.1103/physrevd.102.032002},
   number={3},
   journal={Physical Review D},
   publisher={American Physical Society (APS)},
   author={Ball, A. and others},
   year={2020},
   month={Aug}
}

@inproceedings{fajardo2020moving,
    title="{Moving the California distributed CMS xcache from bare metal into containers using Kubernetes}",
    author={Edgar Fajardo and others},
    year={2020},
    booktitle={CHEP 2019},
    eprint={2003.02319},
    archivePrefix={arXiv},
    primaryClass={cs.DC}
}