@article{tuda,
  author       = {Jonathan Guiang},
  title        = {jkguiang/tuda: Zenodo Release},
  month        = feb,
  year         = 2020,
  publisher    = {Zenodo},
  version      = {v1.0},
  doi          = {10.5281/zenodo.3636224},
  url          = {https://doi.org/10.5281/zenodo.3636224}
}